@inproceedings{meghjani14,
  title={Asymmetric Rendezvous Search at Sea},
  author={Meghjani, Malika and Shkurti, Florian and Higuera, Juan Camilo Gamboa and Kalmbach, Arnold and Whitney, David and Dudek, Gregory},
  booktitle={Computer and Robot Vision (CRV), 2014 Canadian Conference on},
  pages={175--180},
  year={2014},
  organization={IEEE}
}

@InProceedings{Dudek97AAAIw,
  author = 	 "Gregory Dudek and Nicholas Roy",
  title = 	 "Multi-Robot Rendezvous in Unknown Environments, or, What to
		  do When You're Lost at the Zoo",
  booktitle =	 "Proceedings of the AAAI National Conference Workshop on
		  Online Search",
  year =	 "1997",
  address =	 "Providence, Rhode Island",
  month =	 "July",
}

@Article{Rekleitis2001c,
author = {Ioannis M. Rekleitis and Gregory Dudek and Evangelos Milios},
title = {Multi-Robot Collaboration for Robust Exploration},
journal = {Annals of Mathematics and Artificial Intelligence},
year = 2001,
volume = 31,
number = {1-4},
pages = {7-40}
}

@INPROCEEDINGS{burgard2000, 
author={Burgard, W. and Moors, M. and Fox, D. and Simmons, R. and Thrun, S.}, 
booktitle={Robotics and Automation, 2000. Proceedings. ICRA '00. IEEE International Conference on}, 
title={Collaborative multi-robot exploration}, 
year={2000}, 
month={}, 
volume={1}, 
pages={476-481 vol.1}, 
keywords={cooperative systems;minimisation;mobile robots;multi-robot systems;probability;collaborative multirobot exploration;multiple robot coordination;overall exploration time minimization;probabilistic approach;target point utility;Collaboration;Computer science;Costs;Mobile robots;Multirobot systems;Redundancy;Robot kinematics;Robot sensing systems;Testing;Traveling salesman problems}, 
doi={10.1109/ROBOT.2000.844100}, 
ISSN={1050-4729},
}

@article{batalin2004,
year={2004},
issn={1018-4864},
journal={Telecommunication Systems},
volume={26},
number={2-4},
doi={10.1023/B:TELS.0000029038.31947.d1},
title={Coverage, Exploration and Deployment by a Mobile Robot and Communication Network},
url={http://dx.doi.org/10.1023/B%3ATELS.0000029038.31947.d1},
publisher={Kluwer Academic Publishers},
keywords={sensor networks; mobile robots; communication networks; coverage; exploration; deployment; robot navigation},
author={Batalin, MaximA. and Sukhatme, GauravS.},
pages={181-196},
language={English}
}

@article{rekleitis20081,
year={2008},
issn={1012-2443},
journal={Annals of Mathematics and Artificial Intelligence},
volume={52},
number={2-4},
doi={10.1007/s10472-009-9120-2},
title={Efficient Boustrophedon Multi-Robot Coverage: an algorithmic approach},
url={http://dx.doi.org/10.1007/s10472-009-9120-2},
publisher={Springer Netherlands},
keywords={Coverage; Multi-robot; Algorithmic robotics; 68T40; 11Y16},
author={Rekleitis, Ioannis and New, AiPeng and Rankin, EdwardSamuel and Choset, Howie},
pages={109-142},
language={English}
}

@article{rekleitis20082,
year={2008},
issn={1012-2443},
journal={Annals of Mathematics and Artificial Intelligence},
volume={52},
number={2-4},
doi={10.1007/s10472-009-9124-y},
title={Distributed multirobot exploration, mapping, and task allocation},
url={http://dx.doi.org/10.1007/s10472-009-9124-y},
publisher={Springer Netherlands},
keywords={Distributed Exploration; Distributed Mapping; Task allocation; Robots; 90C35; 15A90; 90C30},
author={Vincent, Regis and Fox, Dieter and Ko, Jonathan and Konolige, Kurt and Limketkai, Benson and Morisset, Benoit and Ortiz, Charles and Schulz, Dirk and Stewart, Benjamin},
pages={229-255},
language={English}
}

@ARTICLE{Roy2000,
    author = {Nicholas Roy and Gregory Dudek},
    title = {Collaborative Robot Exploration and Rendezvous: Algorithms, Performance Bounds and Observations},
    journal = {Autonomous Robots},
    year = {2000},
    volume = {11},
    pages = {117--136}
}

@article{alpern2003,
author = {S. Alpern and S. Gal},
title = {{The Theory of Search Games and Rendezvous}},
year = {2003},
masid = {2038611}
}